<record><leader>00000cas a2200000Ia 4500</leader><controlfield tag="001">702366321</controlfield><controlfield tag="007">hd afb---bucp</controlfield><controlfield tag="008">110217d18511856iluwr nea     0    0eng c</controlfield><datafield ind1=" " ind2=" " tag="010"><subfield code="a">sn 84038611 </subfield></datafield><datafield ind1=" " ind2=" " tag="040"><subfield code="a">IUK</subfield><subfield code="b">eng</subfield><subfield code="c">IUK</subfield><subfield code="d">IUK</subfield><subfield code="d">OCLCF</subfield><subfield code="d">OCLCO</subfield></datafield><datafield ind1=" " ind2=" " tag="043"><subfield code="a">n-us-il</subfield></datafield><datafield ind1="0" ind2="0" tag="050"><subfield code="a">Newspaper</subfield></datafield><datafield ind1="0" ind2="0" tag="245"><subfield code="a">Peoria weekly Democratic press</subfield><subfield code="h">[microform].</subfield></datafield><datafield ind1=" " ind2=" " tag="260"><subfield code="a">Peoria, Ill. :</subfield><subfield code="b">E.P. Sloan,</subfield><subfield code="c">1851-1856.</subfield></datafield><datafield ind1=" " ind2=" " tag="300"><subfield code="a">v.</subfield></datafield><datafield ind1=" " ind2=" " tag="310"><subfield code="a">Weekly</subfield></datafield><datafield ind1="0" ind2=" " tag="362"><subfield code="a">Vol. 12, no. 33 (Sept. 24, 1851)-v. 17, no. 35 (Nov. 12, 1856).</subfield></datafield><datafield ind1=" " ind2=" " tag="515"><subfield code="a">Continues the numbering of Peoria Democratic press (Peoria, Ill. : 1840).</subfield></datafield><datafield ind1=" " ind2=" " tag="580"><subfield code="a">Triweekly ed.: Peoria tri-weekly press, 1853-1854.</subfield></datafield><datafield ind1=" " ind2=" " tag="580"><subfield code="a">Daily eds.: Peoria daily press, 1854-1855, and: Peoria daily Democratic press, 1855-1856.</subfield></datafield><datafield ind1=" " ind2="0" tag="651"><subfield code="a">Peoria (Ill.)</subfield><subfield code="v">Newspapers.</subfield></datafield><datafield ind1=" " ind2="7" tag="655"><subfield code="a">Newspapers.</subfield><subfield code="2">fast</subfield><subfield code="0">(OCoLC)fst01423814</subfield></datafield><datafield ind1=" " ind2="7" tag="651"><subfield code="a">Illinois</subfield><subfield code="z">Peoria.</subfield><subfield code="2">fast</subfield><subfield code="0">(OCoLC)fst01206107</subfield></datafield><datafield ind1=" " ind2=" " tag="752"><subfield code="a">United States</subfield><subfield code="b">Illinois</subfield><subfield code="c">Peoria</subfield><subfield code="d">Peoria.</subfield></datafield><datafield ind1="1" ind2=" " tag="775"><subfield code="t">Peoria tri-weekly press</subfield><subfield code="w">(DLC)sn 82016068</subfield><subfield code="w">(OCoLC)702361202</subfield></datafield><datafield ind1="1" ind2=" " tag="775"><subfield code="t">Peoria daily press</subfield><subfield code="w">(DLC)sn 82016092</subfield><subfield code="w">(OCoLC)702363562</subfield></datafield><datafield ind1="1" ind2=" " tag="775"><subfield code="t">Peoria daily Democratic press</subfield><subfield code="w">(DLC)sn 82016051</subfield><subfield code="w">(OCoLC)702363953</subfield></datafield><datafield ind1="0" ind2="8" tag="776"><subfield code="i">Print version:</subfield><subfield code="t">Peoria weekly Democratic press</subfield><subfield code="w">(OCoLC)11358840</subfield></datafield><datafield ind1="0" ind2="0" tag="780"><subfield code="t">Peoria Democratic press (Peoria, Ill. : 1840)</subfield><subfield code="w">(DLC)sn 82014962</subfield><subfield code="w">(OCoLC)702365537</subfield></datafield><datafield ind1="0" ind2="0" tag="785"><subfield code="t">Peoria Democratic press (Peoria, Ill. : 1856)</subfield><subfield code="w">(DLC)sn 82016096</subfield><subfield code="w">(OCoLC)702366370</subfield></datafield></record>